@book{zhu2016,
	author    = {朱长江 and 阮立志},
	title     = {偏微分方程简明教程},
	edition   = {2},
	publisher = {科学出版社},
	year      = {2016},
	address   = {北京},
	isbn      = {978-7-03-048782-5}
}

@book{chen2015,
	author    = {陈祖墀},
	title     = {偏微分方程},
	edition   = {4},
	publisher = {高等教育出版社},
	year      = {2015},
	address   = {北京},
	isbn      = {978-7-04-043997-7}
}